% This file was created with JabRef 2.10.
% Encoding: Cp1252

@standard {ipv4sta,
  Title                    = {Internet Prototocol},
  Institution              = {Defense Advanced Research Projects Agency},
  Organization             = {Departament of Defense},
  Url                      = {http://tools.ietf.org/html/rfc791},
  Year                     = {1981},

  Owner                    = {JSidrach},
  Timestamp                = {2015.04.01}
}

@article{knuth:1984,
  title={Literate Programming},
  author={Donald E. Knuth},
  journal={The Computer Journal},
  volume={27},
  number={2},
  pages={97--111},
  year={1984},
  publisher={Oxford University Press}
}

@Online {prometheus,
  title = {Prometheus - Monitoring system \& time series database},
  date = {2020-06-25},
  author = {Prometheus},
  url = {https://prometheus.io/},
  urldate = {2020-06-25}
}

@Online {redsis_main_page,
  author    = {redsis},
  date      = {2020-06-25},
  title     = {Redsis},
  url       = {https://redis.io/},
  language  = {English},
  urldate = {2020-06-25},
}

@book{mauro2005essential,
  title={Essential SNMP: Help for System and Network Administrators},
  author={Mauro, Douglas and Schmidt, Kevin},
  year={2005},
  publisher={"O'Reilly Media, Inc."}
}

@misc{RFC8641,
        series =        {Request for Comments},
        number =        8641,
        howpublished =  {RFC 8641},
        publisher =     {RFC Editor},
        doi =           {10.17487/RFC8641},
        url =           {https://rfc-editor.org/rfc/rfc8641.txt},
        author =        {Alexander Clemm and Eric Voit},
        title =         {{Subscription to YANG Notifications for Datastore Updates}},
        pagetotal =     58,
        year =          2019,
        month =         sep,
        abstract =      {This document describes a mechanism that allows subscriber applications to request a continuous and customized stream of updates from a YANG datastore. Providing such visibility into updates enables new capabilities based on the remote mirroring and monitoring of configuration and operational state.},
}

%% You should probably cite rfc8641 instead of this I-D.
@techreport{draft-ietf-netconf-yang-push-00,
        number =        {draft-ietf-netconf-yang-push-00},
        type =          {Internet-Draft},
        institution =   {Internet Engineering Task Force},
        publisher =     {Internet Engineering Task Force},
        note =          {Work in Progress},
        url =           {https://datatracker.ietf.org/doc/html/draft-ietf-netconf-yang-push-00},
        author =        {Alex Clemm and Alberto Gonzalez Prieto and Eric Voit},
        title =         {{Subscribing to YANG datastore push updates}},
        pagetotal =     51,
        abstract =      {This document defines a subscription and push mechanism for YANG datastores. This mechanism allows client applications to request updates from a YANG datastore, which are then pushed by the server to the client per a subscription policy, without requiring additional client requests.},
}



@misc{RFC6242,
        series =        {Request for Comments},
        number =        6242,
        howpublished =  {RFC 6242},
        publisher =     {RFC Editor},
        doi =           {10.17487/RFC6242},
        url =           {https://rfc-editor.org/rfc/rfc6242.txt},
        author =        {Margaret Cullen},
        title =         {{Using the NETCONF Protocol over Secure Shell (SSH)}},
        pagetotal =     11,
        year =          2011,
        month =         jun,
        abstract =      {This document describes a method for invoking and running the Network Configuration Protocol (NETCONF) within a Secure Shell (SSH) session as an SSH subsystem. This document obsoletes RFC 4742. {[}STANDARDS-TRACK{]}},
}

@misc{RFC7589,
	title        = {{Using the NETCONF Protocol over Transport Layer Security (TLS) with Mutual X.509 Authentication}},
	author       = {Mohamad Badra and Alan Luchuk and Jurgen Schonwalder},
	year         = 2015,
	month        = jun,
	publisher    = {RFC Editor},
	series       = {Request for Comments},
	number       = 7589,
	doi          = {10.17487/RFC7589},
	url          = {https://rfc-editor.org/rfc/rfc7589.txt},
	howpublished = {RFC 7589},
	pagetotal    = 11,
	abstract     = {The Network Configuration Protocol (NETCONF) provides mechanisms to install, manipulate, and delete the configuration of network devices. This document describes how to use the Transport Layer Security (TLS) protocol with mutual X.509 authentication to secure the exchange of NETCONF messages. This revision of RFC 5539 documents the new message framing used by NETCONF 1.1 and it obsoletes RFC 5539.}
}

@misc{RFC6241,
	title        = {{Network Configuration Protocol (NETCONF)}},
	author       = {Rob Enns and Martin Bj\"{o}rklund and Andy Bierman and J\"{u}rgen Sch\"{o}nw\"{a}lder},
	year         = 2011,
	month        = jun,
	publisher    = {RFC Editor},
	series       = {Request for Comments},
	number       = 6241,
	doi          = {10.17487/RFC6241},
	url          = {https://rfc-editor.org/rfc/rfc6241.txt},
	howpublished = {RFC 6241},
	pagetotal    = 113,
	abstract     = {The Network Configuration Protocol (NETCONF) defined in this document provides mechanisms to install, manipulate, and delete the configuration of network devices. It uses an Extensible Markup Language (XML)-based data encoding for the configuration data as well as the protocol messages. The NETCONF protocol operations are realized as remote procedure calls (RPCs). This document obsoletes RFC 4741. {[}STANDARDS-TRACK{]}}
}
